@inproceedings{budennyy2022,
  title={Eco2ai: carbon emissions tracking of machine learning models as the first step towards sustainable ai},
  author={Budennyy, Semen Andreevich and Lazarev, Vladimir Dmitrievich and Zakharenko, Nikita Nikolaevich and Korovin, Aleksei N and Plosskaya, OA and Dimitrov, Denis Valer'evich and Akhripkin, VS and Pavlov, IV and Oseledets, Ivan Valer'evich and Barsola, Ivan Segundovich and others},
  booktitle={Doklady Mathematics},
  volume={106},
  number={Suppl 1},
  pages={S118--S128},
  year={2022},
  organization={Springer}
}

@article{anthony2020,
  title={Carbontracker: Tracking and predicting the carbon footprint of training deep learning models},
  author={Anthony, Lasse F Wolff and Kanding, Benjamin and Selvan, Raghavendra},
  journal={arXiv preprint arXiv:2007.03051},
  year={2020}
}

@article{lannelongue2021,
  title={Green algorithms: quantifying the carbon footprint of computation},
  author={Lannelongue, Lo{\"\i}c and Grealey, Jason and Inouye, Michael},
  journal={Advanced science},
  volume={8},
  number={12},
  pages={2100707},
  year={2021},
  publisher={Wiley Online Library}
}

@article{lacoste2019,
  title={Quantifying the carbon emissions of machine learning},
  author={Lacoste, Alexandre and Luccioni, Alexandra and Schmidt, Victor and Dandres, Thomas},
  journal={arXiv preprint arXiv:1910.09700},
  year={2019}
}

@article{henderson2020,
  title={Towards the systematic reporting of the energy and carbon footprints of machine learning},
  author={Henderson, Peter and Hu, Jieru and Romoff, Joshua and Brunskill, Emma and Jurafsky, Dan and Pineau, Joelle},
  journal={The Journal of Machine Learning Research},
  volume={21},
  number={1},
  pages={10039--10081},
  year={2020},
  publisher={JMLRORG}
}

@inproceedings{lahmer2022,
  title={Energy consumption of neural networks on nvidia edge boards: an empirical model},
  author={Lahmer, Seyyidahmed and Khoshsirat, Aria and Rossi, Michele and Zanella, Andrea},
  booktitle={2022 20th International Symposium on Modeling and Optimization in Mobile, Ad hoc, and Wireless Networks (WiOpt)},
  pages={365--371},
  year={2022},
  organization={IEEE}
}

@inproceedings{montgomerie-corcoran2021,
  title={POMMEL: Exploring Off-Chip Memory Energy \& Power Consumption in Convolutional Neural Network Accelerators},
  author={Montgomerie-Corcoran, Alexander and Bouganis, Christos-Savvas},
  booktitle={2021 24th Euromicro Conference on Digital System Design (DSD)},
  pages={442--448},
  year={2021},
  organization={IEEE}
}

@incollection{dariol2023,
  title={Fast Yet Accurate Timing and Power Prediction of Artificial Neural Networks Deployed on Clock-Gated Multi-Core Platforms},
  author={Dariol, Quentin and Le Nours, Sebastien and Helms, Domenik and Stemmer, Ralf and Pillement, Sebastien and Gr{\"u}ttner, Kim},
  booktitle={Proceedings of the DroneSE and RAPIDO: System Engineering for constrained embedded systems},
  pages={79--86},
  year={2023}
}

@inproceedings{carastan-santos2022,
  title={Understanding the Energy Consumption of HPC Scale Artificial Intelligence},
  author={Carastan-Santos, Danilo and Pham, Thi Hoang Thi},
  booktitle={Latin American High Performance Computing Conference},
  pages={131--144},
  year={2022},
  organization={Springer}
}

@article{lottick2019,
  title={Energy Usage Reports: Environmental awareness as part of algorithmic accountability},
  author={Lottick, Kadan and Susai, Silvia and Friedler, Sorelle A and Wilson, Jonathan P},
  journal={arXiv preprint arXiv:1911.08354},
  year={2019}
}

@inproceedings{goel2021,
  title={EnergyNN: Energy estimation for neural network inference tasks on DPU},
  author={Goel, Shikha and Balakrishnan, M and Sen, Rijurekha},
  booktitle={2021 31st International Conference on Field-Programmable Logic and Applications (FPL)},
  pages={64--68},
  year={2021},
  organization={IEEE}
}

@article{desislavov2023,
  title={Trends in AI inference energy consumption: Beyond the performance-vs-parameter laws of deep learning},
  author={Desislavov, Radosvet and Mart{\'\i}nez-Plumed, Fernando and Hern{\'a}ndez-Orallo, Jos{\'e}},
  journal={Sustainable Computing: Informatics and Systems},
  volume={38},
  pages={100857},
  year={2023},
  publisher={Elsevier}
}

@article{trebaol2020,
  title={CUMULATOR—a tool to quantify and report the carbon footprint of machine learning computations and communication in academia and healthcare},
  author={Tr{\'e}baol, Tristan},
  year={2020}
}

@inproceedings{metz2022,
  title={ML-based Power Estimation of Convolutional Neural Networks on GPGPUs},
  author={Metz, Christopher A and Goli, Mehran and Drechsler, Rolf},
  booktitle={2022 25th International Symposium on Design and Diagnostics of Electronic Circuits and Systems (DDECS)},
  pages={166--171},
  year={2022},
  organization={IEEE}
}

@article{ortega2023,
  title={Design of a Standard and Programmatically Accessible Interface for Smart Meters to Allow Monitoring Automation of the Energy Consumed by the Execution of Computer Software},
  author={Ortega, Alberto and Cano-Delgado, Abel Miguel and Prieto, Beatriz and Gonz{\'a}lez, Jes{\'u}s},
  journal={Sustainability},
  volume={15},
  number={3},
  pages={1900},
  year={2023},
  publisher={MDPI}
}

@article{igescu2021,
  title={EcoML: A tool to track and predict the carbon footprint of machine learning tasks},
  author={Igescu, Stefan and Monea, Giovanni and Pecorella, Vincenzo},
  year={2023}
}

@inproceedings{you2023,
  title={Zeus: Understanding and Optimizing $\{$GPU$\}$ Energy Consumption of $\{$DNN$\}$ Training},
  author={You, Jie and Chung, Jae-Won and Chowdhury, Mosharaf},
  booktitle={20th USENIX Symposium on Networked Systems Design and Implementation (NSDI 23)},
  pages={119--139},
  year={2023}
}

@inproceedings{metz2022,
  title={Towards neural hardware search: Power estimation of cnns for gpgpus with dynamic frequency scaling},
  author={Metz, Christopher A and Goli, Mehran and Drechsler, Rolf},
  booktitle={Proceedings of the 2022 ACM/IEEE Workshop on Machine Learning for CAD},
  pages={103--109},
  year={2022}
}

@inproceedings{lemaire2022,
  title={An analytical estimation of spiking neural networks energy efficiency},
  author={Lemaire, Edgar and Cordone, Lo{\"\i}c and Castagnetti, Andrea and Novac, Pierre-Emmanuel and Courtois, Jonathan and Miramond, Beno{\^\i}t},
  booktitle={International Conference on Neural Information Processing},
  pages={574--587},
  year={2022},
  organization={Springer}
}

@inproceedings{cai2017,
  title={Neuralpower: Predict and deploy energy-efficient convolutional neural networks},
  author={Cai, Ermao and Juan, Da-Cheng and Stamoulis, Dimitrios and Marculescu, Diana},
  booktitle={Asian Conference on Machine Learning},
  pages={622--637},
  year={2017},
  organization={PMLR}
}

@inproceedings{rodrigues2018,
  title={SyNERGY: An energy measurement and prediction framework for Convolutional Neural Networks on Jetson TX1},
  author={Rodrigues, Crefeda Faviola and Riley, Graham and Luj{\'a}n, Mikel},
  booktitle={Proceedings of the international conference on parallel and distributed processing techniques and applications (PDPTA)},
  pages={375--382},
  year={2018},
  organization={The Steering Committee of The World Congress in Computer Science, Computer~…}
}

@inproceedings{yang2017,
  title={A method to estimate the energy consumption of deep neural networks},
  author={Yang, Tien-Ju and Chen, Yu-Hsin and Emer, Joel and Sze, Vivienne},
  booktitle={2017 51st asilomar conference on signals, systems, and computers},
  pages={1916--1920},
  year={2017},
  organization={IEEE}
}

@article{qiu2020,
  title={A first look into the carbon footprint of federated learning.},
  author={Qiu, Xinchi and Parcollet, Titouan and Fernandez-Marques, Javier and de Gusmao, Pedro PB and Gao, Yan and Beutel, Daniel J and Topal, Taner and Mathur, Akhil and Lane, Nicholas D},
  journal={J. Mach. Learn. Res.},
  volume={24},
  pages={129--1},
  year={2023}
}

@inproceedings{metz2021,
  title={Early power estimation of CUDA-based CNNs on GPGPUs: work-in-progress},
  author={Metz, Christopher A and Goli, Mehran and Drechsler, Rolf},
  booktitle={Proceedings of the 2021 International Conference on Hardware/Software Codesign and System Synthesis},
  pages={29--30},
  year={2021}
}

@article{getzner2023,
  title={Accuracy is not the only Metric that matters: Estimating the Energy Consumption of Deep Learning Models},
  author={Getzner, Johannes and Charpentier, Bertrand and G{\"u}nnemann, Stephan},
  journal={arXiv preprint arXiv:2304.00897},
  year={2023}
}

@inproceedings{wang2021,
  title={Architecture-level energy estimation for heterogeneous computing systems},
  author={Wang, Francis and Wu, Yannan Nellie and Woicik, Matthew and Emer, Joel S and Sze, Vivienne},
  booktitle={2021 IEEE International Symposium on Performance Analysis of Systems and Software (ISPASS)},
  pages={229--231},
  year={2021},
  organization={IEEE}
}

@inproceedings{arnautovic2021,
  title={Evaluation of artificial neural network inference speed and energy consumption on embedded systems},
  author={Arnautovi{\'c}, Adnan and Teskered{\v{z}}i{\'c}, Edvin},
  booktitle={2021 20th International Symposium INFOTEH-JAHORINA (INFOTEH)},
  pages={1--5},
  year={2021},
  organization={IEEE}
}

@inproceedings{hampau2022,
  title={An empirical study on the performance and energy consumption of AI containerization strategies for computer-vision tasks on the edge},
  author={Hampau, Raluca Maria and Kaptein, Maurits and Van Emden, Robin and Rost, Thomas and Malavolta, Ivano},
  booktitle={Proceedings of the 26th International Conference on Evaluation and Assessment in Software Engineering},
  pages={50--59},
  year={2022}
}

@inproceedings{islam2023,
  title={Sustainability of Machine Learning Models: An Energy Consumption Centric Evaluation},
  author={Islam, Md Sakibul and Zisad, Sharif Noor and Kor, Ah-Lian and Hasan, Md Hasibul},
  booktitle={2023 International Conference on Electrical, Computer and Communication Engineering (ECCE)},
  pages={1--6},
  year={2023},
  organization={IEEE}
}

@article{yao2021,
  title={Evaluating and analyzing the energy efficiency of CNN inference on high-performance GPU},
  author={Yao, Chunrong and Liu, Wantao and Tang, Weiqing and Guo, Jinrong and Hu, Songlin and Lu, Yijun and Jiang, Wei},
  journal={Concurrency and Computation: Practice and Experience},
  volume={33},
  number={6},
  pages={e6064},
  year={2021},
  publisher={Wiley Online Library}
}

@article{canilang2021,
  title={DNN power and energy consumption analysis of edge AI devices},
  author={Canilang, Henar Mike and Caliwag, Angela and Kwon, Jonghun and Lim, Wansu},
  journal={한국통신학회 학술대회논문집},
  pages={502--503},
  year={2021}
}

@inproceedings{trihinas2022,
  title={Towards Energy Consumption and Carbon Footprint Testing for AI-driven IoT Services},
  author={Trihinas, Demetris and Thamsen, Lauritz and Beilharz, Jossekin and Symeonides, Moysis},
  booktitle={2022 IEEE International Conference on Cloud Engineering (IC2E)},
  pages={29--35},
  year={2022},
  organization={IEEE}
}

@article{machado2022,
  title={Estimating the Power Consumption of Heterogeneous Devices When Performing Ai Inference},
  author={Matic, Ivica and de Lemos, Francisco and Ihianle, Dr Isibor Kennedy and Adama, Dr David Ada and Machado, Pedro},
  journal={Available at SSRN 4198805}
}

@inproceedings{rungsuptaweekoon2017,
  title={Evaluating the power efficiency of deep learning inference on embedded GPU systems},
  author={Rungsuptaweekoon, Kanokwan and Visoottiviseth, Vasaka and Takano, Ryousei},
  booktitle={2017 2nd international conference on information technology (INCIT)},
  pages={1--5},
  year={2017},
  organization={IEEE}
}

@phdthesis{jurj2020,
  title={Powering and evaluating deep learning-based systems using green energy},
  author={Jurj, Sorin Liviu},
  year={2020},
  school={Timi{\c{s}}oara: Editura Politehnica}
}

@incollection{hauschild2023,
  title={Latency and Energy Consumption of Convolutional Neural Network Models from IoT Edge Perspective},
  author={Hauschild, Sebastian and Hellbr{\"u}ck, Horst},
  booktitle={Global IoT Summit},
  pages={385--396},
  year={2022},
  publisher={Springer}
}

@inproceedings{li2016,
  title={Evaluating the energy efficiency of deep convolutional neural networks on CPUs and GPUs},
  author={Li, Da and Chen, Xinbo and Becchi, Michela and Zong, Ziliang},
  booktitle={2016 IEEE international conferences on big data and cloud computing (BDCloud), social computing and networking (SocialCom), sustainable computing and communications (SustainCom)(BDCloud-SocialCom-SustainCom)},
  pages={477--484},
  year={2016},
  organization={IEEE}
}

@article{hesse2021,
  title={Analysis and Comparison of Performance and Power Consumption of Neural Networks on CPU, GPU, TPU and FPGA},
  author={Hesse, Christopher Noel},
  year={2021}
}

@inproceedings{sun2021,
  title={Evaluating performance, power and energy of deep neural networks on CPUs and GPUs},
  author={Sun, Yuyang and Ou, Zhixin and Chen, Juan and Qi, Xinxin and Guo, Yifei and Cai, Shunzhe and Yan, Xiaoming},
  booktitle={Theoretical Computer Science: 39th National Conference of Theoretical Computer Science, NCTCS 2021, Yinchuan, China, July 23--25, 2021, Revised Selected Papers 39},
  pages={196--221},
  year={2021},
  organization={Springer}
}

@article{guo2021,
  title={Boolnet: minimizing the energy consumption of binary neural networks},
  author={Guo, Nianhui and Bethge, Joseph and Yang, Haojin and Zhong, Kai and Ning, Xuefei and Meinel, Christoph and Wang, Yu},
  journal={arXiv preprint arXiv:2106.06991},
  year={2021}
}

@inproceedings{wang2019,
  title={How is energy consumed in smartphone deep learning apps? Executing locally vs. remotely},
  author={Wang, Haoxin and Kim, BaekGyu and Xie, Jiang and Han, Zhu},
  booktitle={2019 IEEE Global Communications Conference (GLOBECOM)},
  pages={1--6},
  year={2019},
  organization={IEEE}
}

@article{wu2023,
  title={Performance and Energy Consumption of Parallel Machine Learning Algorithms},
  author={Wu, Xidong and Brazzle, Preston and Cahoon, Stephen},
  journal={arXiv preprint arXiv:2305.00798},
  year={2023}
}

@book{rodrigues2020,
  title={Efficient execution of convolutional neural networks on low powered heterogeneous systems},
  author={Rodrigues, Crefeda Faviola},
  year={2020},
  publisher={The University of Manchester (United Kingdom)}
}

@article{tekin2023,
  title={Energy consumption of on-device machine learning models for IoT intrusion detection},
  author={Tekin, Nazli and Acar, Abbas and Aris, Ahmet and Uluagac, A Selcuk and Gungor, Vehbi Cagri},
  journal={Internet of Things},
  volume={21},
  pages={100670},
  year={2023},
  publisher={Elsevier}
}

@article{desislavov2021,
  title={Analysis of Deep Learning Inference Compute and Energy Consumption Trends},
  author={Desislavov Georgiev, Radosvet},
  year={2021},
  publisher={Universitat Polit{\`e}cnica de Val{\`e}ncia}
}

@inproceedings{holly2020,
  title={Profiling energy consumption of deep neural networks on nvidia jetson nano},
  author={Holly, Stephan and Wendt, Alexander and Lechner, Martin},
  booktitle={2020 11th International Green and Sustainable Computing Workshops (IGSC)},
  pages={1--6},
  year={2020},
  organization={IEEE}
}

@article{strubell2019,
  title={Energy and policy considerations for deep learning in NLP},
  author={Strubell, Emma and Ganesh, Ananya and McCallum, Andrew},
  journal={arXiv preprint arXiv:1906.02243},
  year={2019}
}

@mastersthesis{escribano2023,
  title={Energy consumption of machine learning deployment in cloud providers},
  author={Escribano Perez, Daniel},
  type={{B.S.} thesis},
  year={2023},
  school={Universitat Polit{\`e}cnica de Catalunya}
}

@article{naidu2021,
  title={Towards quantifying the carbon emissions of differentially private machine learning},
  author={Naidu, Rakshit and Diddee, Harshita and Mulay, Ajinkya and Vardhan, Aleti and Ramesh, Krithika and Zamzam, Ahmed},
  journal={arXiv preprint arXiv:2107.06946},
  year={2021}
}

@inproceedings{caspart2023,
  title={Precise Energy Consumption Measurements of Heterogeneous Artificial Intelligence Workloads},
  author={Raffeiner, Simon and Schuhmacher, Leon Pascal and Scholtyssek, Jan and Trofimova, Darya and Nolden, Marco and Reinartz, Ines and Isensee, Fabian and G{\"o}tz, Markus and Debus, Charlotte},
  booktitle={High Performance Computing. ISC High Performance 2022 International Workshops: Hamburg, Germany, May 29--June 2, 2022, Revised Selected Papers},
  volume={13387},
  pages={108},
  year={2023},
  organization={Springer Nature}
}

@article{mcintosh2019,
  title={What can android mobile app developers do about the energy consumption of machine learning?},
  author={McIntosh, Andrea and Hassan, Safwat and Hindle, Abram},
  journal={Empirical Software Engineering},
  volume={24},
  pages={562--601},
  year={2019},
  publisher={Springer}
}

@phdthesis{dutta2018,
  title={Power Analysis and Prediction for Heterogeneous Computation},
  author={Dutta, Bishwajit},
  year={2018},
  school={Virginia Tech}
}

@article{piga2011,
  title={Power measuring infrastructure for computing systems},
  author={Piga, Leonardo and Bergamaschi, Reinaldo and Azevedo, Rodolfo and Rigo, Sandro},
  journal={Institute of Computing, University of Campinas, Tech. Rep. IC-11-09},
  pages={11--09},
  year={2011}
}

@article{lin2019,
  title={An artificial neural network approach to power consumption model construction for servers in cloud data centers},
  author={Lin, Weiwei and Wu, Guangxin and Wang, Xinyang and Li, Keqin},
  journal={IEEE Transactions on Sustainable Computing},
  volume={5},
  number={3},
  pages={329--340},
  year={2019},
  publisher={IEEE}
}

@article{storlie2014,
  title={Modeling and predicting power consumption of high performance computing jobs},
  author={Storlie, Curtis and Sexton, Joe and Pakin, Scott and Lang, Michael and Reich, Brian and Rust, William},
  journal={arXiv preprint arXiv:1412.5247},
  year={2014}
}

@inproceedings{chen2012,
  title={An energy consumption model and analysis tool for cloud computing environments},
  author={Chen, FeiFei and Schneider, Jean-Guy and Yang, Yun and Grundy, John and He, Qiang},
  booktitle={2012 First International Workshop on Green and Sustainable Software (GREENS)},
  pages={45--50},
  year={2012},
  organization={IEEE}
}

@article{becker2017,
  title={Software based estimation of software induced energy dissipation with powerstat},
  author={Becker, Yannick and Naumann, Stefan},
  journal={From Science to Society: The Bridge provided by Environmental Informatics},
  pages={69--73},
  year={2017}
}

@inproceedings{acar2016b,
  title={Beyond CPU: Considering memory power consumption of software},
  author={Acar, Hayri and Alptekin, G{\"u}lfem I and Gelas, Jean-Patrick and Ghodous, Parisa},
  booktitle={2016 5th International Conference on Smart Cities and Green ICT Systems (SMARTGREENS)},
  pages={1--8},
  year={2016},
  organization={IEEE}
}

@article{peng2013,
  title={A low-cost power measuring technique for virtual machine in cloud environments},
  author={Peng, Xiao and Sai, Zhao},
  journal={Int. J. Grid Distrib. Comput},
  volume={6},
  number={3},
  pages={69--80},
  year={2013}
}

@inproceedings{li2016,
  title={Software Energy Consumption Estimation at Architecture-Level},
  author={Li, Deguang and Guo, Bing and Shen, Yan and Li, Junke and Wang, Jihe and Huang, Yanhui and Li, Qiang},
  booktitle={2016 13th International Conference on Embedded Software and Systems (ICESS)},
  pages={7--11},
  year={2016},
  organization={IEEE}
}

@article{veni2016,
  title={Prediction model for virtual machine power consumption in cloud environments},
  author={Veni, T and Bhanu, S Mary Saira},
  journal={Procedia Computer Science},
  volume={87},
  pages={122--127},
  year={2016},
  publisher={Elsevier}
}

@inproceedings{ferreira2013,
  title={Seflab: A lab for measuring software energy footprints},
  author={Ferreira, Miguel A and Hoekstra, Eric and Merkus, Bo and Visser, Bram and Visser, Joost},
  booktitle={2013 2nd International workshop on green and sustainable software (GREENS)},
  pages={30--37},
  year={2013},
  organization={IEEE}
}

@inproceedings{harton2015,
  title={Towards power consumption modeling for servers at scale},
  author={Harton, Timothy W and Walker, Cameron and O'Sullivan, Michael},
  booktitle={2015 IEEE/ACM 8th International Conference on Utility and Cloud Computing (UCC)},
  pages={315--321},
  year={2015},
  organization={IEEE}
}

@article{gutierrez2015a,
  title={Evaluating neural network methods for pmc-based cpu power prediction},
  author={Gutierrez, Mario and Tamir, Dan and Qasem, Apan},
  journal={ICCGI 2015},
  pages={150},
  year={2015}
}

@inproceedings{karantoumanis2020,
  title={Power consumption estimation in data centers using machine learning techniques},
  author={Karantoumanis, Emmanouil and Ploskas, Nikolaos},
  booktitle={International Conference on Learning and Intelligent Optimization},
  pages={195--200},
  year={2020},
  organization={Springer}
}

@article{liu2017,
  title={Source-level energy consumption estimation for cloud computing tasks},
  author={Liu, Hui and Yan, Fusheng and Zhang, Shaokui and Xiao, Tao and Song, Jie},
  journal={IEEE Access},
  volume={6},
  pages={1321--1330},
  year={2017},
  publisher={IEEE}
}

@inproceedings{suda2011,
  title={Experimental Estimation and Analysis of the Power Efficiency of CUDA Processing Element on SIMD Computing},
  author={Suda, Reiji and others},
  booktitle={2011 10th IEEE/ACIS International Conference on Computer and Information Science},
  pages={405--408},
  year={2011},
  organization={IEEE}
}

@phdthesis{noureddine2014a,
  title={Towards a better understanding of the energy consumption of software systems},
  author={Noureddine, Adel},
  year={2014},
  school={Universit{\'e} des Sciences et Technologie de Lille-Lille I}
}

@inproceedings{spellmann2009,
  title={Leveraging the Cloud for Green IT: Predicting the Energy, Cost and Performance of Cloud Computing.},
  author={Spellmann, Amy C and Gimarc, Richard L and Preston, Mark and Hyperformix, Optimal Innovations},
  booktitle={Int. CMG Conference},
  year={2009},
  organization={Citeseer}
}

@inproceedings{naren2018,
  title={TVAKSHAS-an energy consumption and utilization measuring system for green computing environment},
  author={Naren, Tada and Dishita, Barai},
  booktitle={Ubiquitous Communications and Network Computing: First International Conference, UBICNET 2017, Bangalore, India, August 3-5, 2017, Proceedings 1},
  pages={37--45},
  year={2018},
  organization={Springer}
}

@article{kim2014,
  title={A simple model for estimating power consumption of a multicore server system},
  author={Kim, Minjoong and Ju, Yoondeok and Chae, Jinseok and Park, Moonju},
  journal={International Journal of Multimedia and Ubiquitous Engineering},
  volume={9},
  number={2},
  pages={153--160},
  year={2014}
}

@inproceedings{schubert2012,
  title={Profiling software for energy consumption},
  author={Schubert, Simon and Kostic, Dejan and Zwaenepoel, Willy and Shin, Kang G},
  booktitle={2012 IEEE International Conference on Green Computing and Communications},
  pages={515--522},
  year={2012},
  organization={IEEE}
}

@article{lewis2008,
  title={Run-time Energy Consumption Estimation Based on Workload in Server Systems.},
  author={Lewis, Adam Wade and Ghosh, Soumik and Tzeng, Nian-Feng},
  journal={HotPower},
  volume={8},
  pages={17--21},
  year={2008}
}

@inproceedings{foo2015,
  title={Evolutionary neural network based energy consumption forecast for cloud computing},
  author={Foo, Yong Wee and Goh, Cindy and Lim, Hong Chee and Zhan, Zhi-Hui and Li, Yun},
  booktitle={2015 International Conference on Cloud Computing Research and Innovation (ICCCRI)},
  pages={53--64},
  year={2015},
  organization={IEEE}
}

@inproceedings{fu2018,
  title={Estimating software energy consumption with machine learning approach by software performance feature},
  author={Fu, Cuijiao and Qian, Depei and Luan, Zhongzhi},
  booktitle={2018 IEEE International Conference on Internet of Things (iThings) and IEEE Green Computing and Communications (GreenCom) and IEEE Cyber, Physical and Social Computing (CPSCom) and IEEE Smart Data (SmartData)},
  pages={490--496},
  year={2018},
  organization={IEEE}
}

@inproceedings{ma2009,
  title={Statistical power consumption analysis and modeling for GPU-based computing},
  author={Ma, Xiaohan and Dong, Mian and Zhong, Lin and Deng, Zhigang},
  booktitle={Proceeding of ACM SOSP Workshop on Power Aware Computing and Systems (HotPower)},
  volume={1},
  year={2009}
}

@inproceedings{pathania2023,
  title={ESAVE: Estimating Server and Virtual Machine Energy},
  author={Pathania, Priyavanshi and Mehra, Rohit and Sharma, Vibhu Saujanya and Kaulgud, Vikrant and Podder, Sanjay and Burden, Adam P},
  booktitle={Proceedings of the 37th IEEE/ACM International Conference on Automated Software Engineering},
  pages={1--3},
  year={2022}
}

@inproceedings{acar2016c,
  title={TEEC: Improving power consumption estimation of software},
  author={Acar, Hayri and Alptekin, G{\"u}lfem I and Gelas, Jean-Patrick and Ghodous, Parisa},
  booktitle={EnviroInfo 2016},
  pages={335--341},
  year={2016}
}

@inproceedings{gurumurthi2002,
  title={Using complete machine simulation for software power estimation: The softwatt approach},
  author={Gurumurthi, Sudhanva and Sivasubramaniam, Anand and Irwin, Mary Jane and Vijaykrishnan, Narayanan and Kandemir, Mahmut},
  booktitle={Proceedings Eighth International Symposium on High Performance Computer Architecture},
  pages={141--150},
  year={2002},
  organization={IEEE}
}

@inproceedings{noureddine2014,
  title={Unit testing of energy consumption of software libraries},
  author={Noureddine, Adel and Rouvoy, Romain and Seinturier, Lionel},
  booktitle={Proceedings of the 29th Annual ACM Symposium on Applied Computing},
  pages={1200--1205},
  year={2014}
}

@inproceedings{montanana-aliaga2021,
  title={Towards energy efficient computing based on the estimation of energy consumption},
  author={Monta{\~n}ana Aliaga, Jos{\'e} Miguel and Cheptsov, Alexey and Herv{\'a}s, Antonio},
  booktitle={Sustained Simulation Performance 2019 and 2020: Proceedings of the Joint Workshop on Sustained Simulation Performance, University of Stuttgart (HLRS) and Tohoku University, 2019 and 2020},
  pages={21--33},
  year={2021},
  organization={Springer}
}

@inproceedings{basmadjian2011,
  title={A methodology to predict the power consumption of servers in data centres},
  author={Basmadjian, Robert and Ali, Nasir and Niedermeier, Florian and De Meer, Hermann and Giuliani, Giovanni},
  booktitle={Proceedings of the 2nd international conference on energy-efficient computing and networking},
  pages={1--10},
  year={2011}
}

@article{jiang2017,
  title={An Elman Neural Network-based Prediction Model for the Power Consumption of Servers},
  author={Jiang, Xi and Xue, Chuan and Yin, Shengnan and Han, Guangjie},
  journal={Journal of Computers},
  volume={28},
  number={6},
  pages={246--256},
  year={2017}
}

@article{noureddine2015,
  title={Monitoring energy hotspots in software: Energy profiling of software code},
  author={Noureddine, Adel and Rouvoy, Romain and Seinturier, Lionel},
  journal={Automated Software Engineering},
  volume={22},
  pages={291--332},
  year={2015},
  publisher={Springer}
}

@inproceedings{noureddine2022,
  title={Powerjoular and joularjx: Multi-platform software power monitoring tools},
  author={Noureddine, Adel},
  booktitle={2022 18th International Conference on Intelligent Environments (IE)},
  pages={1--4},
  year={2022},
  organization={IEEE}
}

@inproceedings{aboubakar2021,
  title={A predictive model for power consumption estimation using machine learning},
  author={Aboubakar, Moussa and Quenel, Ilhem and Ari, Ado Adamou Abba},
  booktitle={2021 International Conference on Electrical, Computer and Energy Technologies (ICECET)},
  pages={1--5},
  year={2021},
  organization={IEEE}
}

@article{alavani2023,
  title={Program Analysis and Machine Learning based Approach to Predict Power Consumption of CUDA Kernel},
  author={Alavani, Gargi and Desai, Jineet and Saha, Snehanshu and Sarkar, Santonu},
  journal={ACM Transactions on Modeling and Performance Evaluation of Computing Systems},
  year={2023},
  publisher={ACM New York, NY}
}

@inproceedings{treibig2010,
  title={Likwid: A lightweight performance-oriented tool suite for x86 multicore environments},
  author={Treibig, Jan and Hager, Georg and Wellein, Gerhard},
  booktitle={2010 39th international conference on parallel processing workshops},
  pages={207--216},
  year={2010},
  organization={IEEE}
}

@inproceedings{gutierrez2015b,
  title={Neural network methods for fast and portable prediction of CPU power consumption},
  author={Gutierrez, Mario and Rahman, Saami and Tamir, Dan and Qasem, Apan},
  booktitle={2015 Sixth International Green and Sustainable Computing Conference (IGSC)},
  pages={1--4},
  year={2015},
  organization={IEEE}
}

@article{morlans2022,
  title={Power Consumption Estimation for Laptops a Machine Learning Approach},
  author={Morlans, Carlota Par{\'e}s and Buchillon, Ruben Rodriguez and Ammu, Udaya Kiran and Voravootivat, Puthikorn and Hashemi, Milad},
  year={2022}
}

@article{colmant2014,
  title={BitWatts: A Process-level Power Monitoring Middleware},
  author={Middleware, BitWatts},
  year={2014}
}

@inproceedings{shim2022,
  title={DeepPM: transformer-based power and performance prediction for energy-aware software},
  author={Shim, Jun S and Han, Bogyeong and Kim, Yeseong and Kim, Jihong},
  booktitle={2022 Design, Automation \& Test in Europe Conference \& Exhibition (DATE)},
  pages={1491--1496},
  year={2022},
  organization={IEEE}
}

@article{wu2022,
  title={Performance and power modeling and prediction using MuMMI and 10 machine learning methods},
  author={Wu, Xingfu and Taylor, Valerie and Lan, Zhiling},
  journal={Concurrency and Computation: Practice and Experience},
  volume={35},
  number={15},
  pages={e7254},
  year={2023},
  publisher={Wiley Online Library}
}

@article{zamani2010,
  title={Adaptive estimation and prediction of power and performance in high performance computing},
  author={Zamani, Reza and Afsahi, Ahmad},
  journal={Computer Science-Research and Development},
  volume={25},
  pages={177--186},
  year={2010},
  publisher={Springer}
}

@inproceedings{matsumoto2011,
  title={A Study on Improving Power-Consumption Performance Ratio in GPGPU Computing},
  author={Matsumoto, Tsubasa and Yamaguchi, Saneyasu and Sakai, Tota},
  booktitle={2011 Second International Conference on Networking and Computing},
  pages={288--290},
  year={2011},
  organization={IEEE}
}

@inproceedings{singh2013,
  title={Estimating the energy consumption of executing software processes},
  author={Singh, Vivek Kumar and Dutta, Kaushik and VanderMeer, Debra},
  booktitle={2013 IEEE International Conference on Green Computing and Communications and IEEE Internet of Things and IEEE Cyber, Physical and Social Computing},
  pages={94--101},
  year={2013},
  organization={IEEE}
}

@article{hankel2016,
  title={Measuring Software Energy Efficiency},
  author={Hankel, Albert and van den Hoed, Robert and Hoekstra, Eric and van Rijswijk, Roland},
  year={2016},
  publisher={Hogeschool van Amsterdam}
}

@inproceedings{park2016,
  title={Prediction method about power consumption by using utilization rate of resource in cloud computing environment},
  author={Park, Sangmyeon and Mun, Youngsong},
  booktitle={2016 International Conference on Big Data and Smart Computing (BigComp)},
  pages={265--268},
  year={2016},
  organization={IEEE}
}

@article{acar2016a,
  title={The impact of source code in software on power consumption},
  author={Acar, Hayri and Alptekin, G{\"u}lfem I and Gelas, Jean-Patrick and Ghodous, Parisa},
  journal={International Journal of Electronic Business Management},
  volume={14},
  pages={42--52},
  year={2016}
}

@inproceedings{chen2011,
  title={Profiling energy consumption of VMs for green cloud computing},
  author={Chen, Qingwen and Grosso, Paola and van der Veldt, Karel and de Laat, Cees and Hofman, Rutger and Bal, Henri},
  booktitle={2011 IEEE Ninth International Conference on Dependable, Autonomic and Secure Computing},
  pages={768--775},
  year={2011},
  organization={IEEE}
}

@phdthesis{alzamil2017,
  title={Energy-Aware Profiling and Prediction Modelling of Virtual Machines in Cloud Computing Environments},
  author={Alzamil, Ibrahim Ali M},
  year={2017},
  school={University of Leeds}
}

@article{enam2013,
  title={SMART ENERGY MONITORING USING OFF-THE-SHELF HARDWARE AND SOFTWARE TOOLS},
  author={Enam, Mashuque and Hasan, Shaikh Rezwanul and Khan, Nafis Abdullah and Rahman, Hafiz Abdur},
  year={2013}
}

@article{kloh2020,
  title={Use of machine learning for improvements in performance and energy consumption in hpc systems},
  author={Kl{\^o}h, V and Schulze, B and Ferro, M},
  journal={Use of machine learning for improvements in performance and energy consumption in hpc systems},
  volume={9},
  year={2020}
}

@article{singh2009,
  title={Prediction strategies for power-aware computing on multicore processors},
  author={Singh, Karan},
  year={2009}
}

@inproceedings{corda2022,
  title={PMT: Power Measurement Toolkit},
  author={Corda, Stefano and Veenboer, Bram and Tolley, Emma},
  booktitle={2022 IEEE/ACM International Workshop on HPC User Support Tools (HUST)},
  pages={44--47},
  year={2022},
  organization={IEEE}
}

@article{bourdon2013,
  title={Powerapi: A software library to monitor the energy consumed at the process-level},
  author={Bourdon, Aur{\'e}lien and Noureddine, Adel and Rouvoy, Romain and Seinturier, Lionel},
  journal={ERCIM News},
  volume={2013},
  number={92},
  year={2013}
}

@article{shahid2021a,
  title={Energy predictive models of computing: theory, practical implications and experimental analysis on multicore processors},
  author={Shahid, Arsalan and Fahad, Muhammad and Manumachu, Ravi Reddy and Lastovetsky, Alexey},
  journal={IEEE Access},
  volume={9},
  pages={63149--63172},
  year={2021},
  publisher={IEEE}
}

CHANGE JOURNAL
@article{shahid2021b,
  title={Energy of computing on multicore CPUs: Predictive models and energy conservation law},
  author={Shahid, Arsalan and Fahad, Muhammad and Manumachu, Ravi Reddy and Lastovetsky, Alexey},
  journal={arXiv preprint arXiv:1907.02805}, 
  year={2021}
}

@article{garcia-martín2019a,
  title={Estimation of energy consumption in machine learning},
  author={Garc{\'\i}a-Mart{\'\i}n, Eva and Rodrigues, Crefeda Faviola and Riley, Graham and Grahn, H{\aa}kan},
  journal={Journal of Parallel and Distributed Computing},
  volume={134},
  pages={75--88},
  year={2019},
  publisher={Elsevier}
}

@inproceedings{garcia-martín2019b,
  title={How to measure energy consumption in machine learning algorithms},
  author={Garc{\'\i}a-Mart{\'\i}n, Eva and Lavesson, Niklas and Grahn, H{\aa}kan and Casalicchio, Emiliano and Boeva, Veselka},
  booktitle={ECML PKDD 2018 Workshops: Nemesis 2018, UrbReas 2018, SoGood 2018, IWAISe 2018, and Green Data Mining 2018, Dublin, Ireland, September 10-14, 2018, Proceedings 18},
  pages={243--255},
  year={2019},
  organization={Springer}
}

@inproceedings{bannour2021,
  title={Evaluating the carbon footprint of NLP methods: a survey and analysis of existing tools},
  author={Bannour, Nesrine and Ghannay, Sahar and N{\'e}v{\'e}ol, Aur{\'e}lie and Ligozat, Anne-Laure},
  booktitle={Proceedings of the Second Workshop on Simple and Efficient Natural Language Processing},
  pages={11--21},
  year={2021}
}

@article{mobius2014,
  title={Power consumption estimation models for processors, virtual machines, and servers},
  author={M{\"o}bius, Christoph and Dargie, Waltenegus and Schill, Alexander},
  journal={IEEE Transactions on Parallel and Distributed Systems},
  volume={25},
  number={6},
  pages={1600--1614},
  year={2014},
  publisher={IEEE}
}

@article{fahad2019,
  title={A comparative study of methods for measurement of energy of computing},
  author={Fahad, Muhammad and Shahid, Arsalan and Manumachu, Ravi Reddy and Lastovetsky, Alexey},
  journal={Energies},
  volume={12},
  number={11},
  pages={2204},
  year={2019},
  publisher={MDPI}
}

@inproceedings{ergasheva2020,
  title={Metrics of energy consumption in software systems: a systematic literature review},
  author={Ergasheva, Shokhista and Khomyakov, I and Kruglov, A and Succil, G},
  booktitle={IOP Conference Series: Earth and Environmental Science},
  volume={431},
  number={1},
  pages={012051},
  year={2020},
  organization={IOP Publishing}
}

@inproceedings{jay2023,
  title={An experimental comparison of software-based power meters: focus on CPU and GPU},
  author={Jay, Mathilde and Ostapenco, Vladimir and Lef{\`e}vre, Laurent and Trystram, Denis and Orgerie, Anne-C{\'e}cile and Fichel, Benjamin},
  booktitle={CCGrid 2023-23rd IEEE/ACM international symposium on cluster, cloud and internet computing},
  pages={1--13},
  year={2023},
  organization={IEEE}
}

@inproceedings{rieger2017,
  title={Survey of approaches for assessing software energy consumption},
  author={Rieger, Felix and Bockisch, Christoph},
  booktitle={Proceedings of the 2nd ACM SIGPLAN International Workshop on Comprehension of Complex Systems},
  pages={19--24},
  year={2017}
}

@article{noureddine2013,
  title={A review of energy measurement approaches},
  author={Noureddine, Adel and Rouvoy, Romain and Seinturier, Lionel},
  journal={ACM SIGOPS Operating Systems Review},
  volume={47},
  number={3},
  pages={42--49},
  year={2013},
  publisher={ACM New York, NY, USA}
}

@article{pijnacker2023,
  title={Tools for Measuring and Monitoring the Energy Efficiency of Software Systems: A Rapid Review},
  author={Pijnacker, Bjorn and van der Zwaag, Jesper and Pasveer, Julian},
  year={2023}
}